@inproceedings{carpentier-rss18,
  title={Analytical derivatives of rigid body dynamics algorithms},
  author={Justin Carpentier and Nicolas Mansard},
  booktitle={Robotics: Science and Systems (RSS)},
  year={2018}
}
