@misc{pinocchioweb,
  author = {Justin Carpentier and Joseph Mirabel and Nicolas Mansard and the Pinocchio Development Team},
  title = {Pinocchio: fast forward and inverse dynamics for poly-articulated systems},
  howpublished = {https://stack-of-tasks.github.io/pinocchio},
  year = {2015--2018}
}
